@misc{scribbles,
	title = "\url{https://wikileaks.org/vault7/#Scribbles}",
	year = "Consultado el 30 de Abril de 2017",
}

@misc{weeping-angel,
	title = "\url{https://wikileaks.org/vault7/#Weeping%20Angel}",
	year = "Consultado el 30 de Abril de 2017",
}

@misc{hive,
	title = "\url{https://wikileaks.org/vault7/#Hive}",
	year = "Consultado el 30 de Abril de 2017",
}

@misc{symantec,
	title ="\url{https://www.symantec.com/connect/blogs/longhorn-tools-used-cyberespionage-group-linked-vault-7}",
	year = "Consultado el 10 de mayo de 2017",
}

@misc{grasshopper,
	title = "\url{https://wikileaks.org/vault7/#Grasshopper}",
	year = "Consultado el 30 de Abril de 2017",
}

@misc{marble-framework,
	title = "\url{https://wikileaks.org/vault7/#Marble%20Framework}",
	year = "Consultado el 30 de Abril de 2017",
}

@misc{dark-matter,
	title = "\url{https://wikileaks.org/vault7/#Dark%20Matter}",
	year = "Consultado el 30 de Abril de 2017",
}

@misc{web-beacon-tag,
	title = "\url{https://w2.eff.org/Privacy/Marketing/web_bug.html}",
	year = "Consultado el 8 de Mayo de 2017",
}

@misc{wikileaks-press-release,
	title = "\url{https://wikileaks.org/ciav7p1/index.html#PRESS}",
	year = "Consultado el 8 de Mayo de 2017",
}

@misc{releases-documents,
	title = "\url{https://wikileaks.org/vault7/document/}",
	year = "Consultado el 9 de Mayo de 2017",
}

@misc{vault7-documents,
	title = "\url{https://wikileaks.org/ciav7p1/cms/index.html}",
	year = "Consultado el 9 de Mayo de 2017",
}

@misc{vault7-submit,
	title = "\url{https://wikileaks.org/ciav7p1/cms/index.html#submit}",
	year = "Consultado el 9 de Mayo de 2017",
}

@misc{wikileaks-tor-submit,
	title = "\url{http://wlupld3ptjvsgwqw.onion/wlupload.en.html}",
	year = "Consultado el 9 de Mayo de 2017",
}

@misc{definicion-ransomware-1,
	title = "\url{https://www.incibe.es/protege-tu-empresa/herramientas/servicio-antiransomware}",
	year = "Consultado el 20 de Mayo de 2017",
}

@misc{definicion-ransomware-2,
	title = "\url{https://www.trendmicro.com/vinfo/us/security/definition/ransomware}",
	year = "Consultado el 20 de Mayo de 2017",
}

@misc{definicion-ransomware-3,
	title = "\url{https://bitcoin.org/es/bitcoin-para-personas}",
	year = "Consultado el 20 de Mayo de 2017",
}

@misc{definicion-ransomware-4,
	title = "\url{https://es.wikipedia.org/wiki/Ransomware#Tipos_de_ransomware}",
	year = "Consultado el 20 de Mayo de 2017",
}

@misc{plataformas-contagio-1,
	title = "\url{http://www.elladodelmal.com/2017/05/el-ataque-del-ransomware-wannacry.html}",
	year = "Consultado el 20 de Mayo de 2017",
}

@misc{plataformas-contagio-2,
	title = "\url{https://blogs.technet.microsoft.com/msrc/2017/05/12/customer-guidance-for-wannacrypt-attacks/}",
	year = "Consultado el 20 de Mayo de 2017",
}

@misc{plataformas-contagio-3,
	title = "\url{https://www.netmarketshare.com/operating-system-market-share.aspx?qprid=10&qpcustomd=0}",
	year = "Consultado el 20 de Mayo de 2017",
}

@misc{plataformas-contagio-4,
	title = "\url{https://technet.microsoft.com/en-us/library/security/ms17-010.aspx}",
	year = "Consultado el 20 de Mayo de 2017",
}

@misc{plataformas-contagio-5,
	title = "\url{https://msdn.microsoft.com/es-es/library/windows/desktop/aa365233(v=vs.85).aspx}",
	year = "Consultado el 20 de Mayo de 2017",
}

@misc{killswitch-situacion-1,
	title = "\url{https://www.malwaretech.com/2017/05/how-to-accidentally-stop-a-global-cyber-attacks.html}",
	year = "Consultado el 20 de Mayo de 2017",
}

@misc{killswitch-situacion-2,
	title = "\url{https://www.malwaretech.com/}",
	year = "Consultado el 20 de Mayo de 2017",
}

@misc{killswitch-situacion-3,
	title = "\url{http://www.lavanguardia.com/tecnologia/20170515/422588908726/wannacry-virus-variantes-infeccion-telefonica-nhs-nsa-windows.html}",
	year = "Consultado el 20 de Mayo de 2017",
}

@misc{killswitch-situacion-4,
	title = "\url{https://gist.github.com/rain-1/989428fa5504f378b993ee6efbc0b168}",
	year = "Consultado el 20 de Mayo de 2017",
}

@misc{killswitch-situacion-5,
	title = "\url{https://github.com/ElevenPaths/Telefonica-WannaCry-FileRestorer}",
	year = "Consultado el 20 de Mayo de 2017",
}

@misc{killswitch-situacion-6,
	title = "\url{https://github.com/gentilkiwi/wanakiwi/releases}",
	year = "Consultado el 20 de Mayo de 2017",
}

@misc{informacion-wannacry-1,
	title = "\url{https://www.virustotal.com/es/}",
	year = "Consultado el 23 de Mayo de 2017",
}

@misc{wc-encrip,
	title ="\url{https://www.youtube.com/watch?v=pLluFxHrc30&t=712s}
	year = "Consultado el 26 de mayo de 2017",
}

@misc{smb,
	title ="\url{https://blogs.technet.microsoft.com/mmpc/2017/05/12/wannacrypt-ransomware-worm-targets-out-of-date-systems/}",
	year ="Consultado el 26 de mayo de 2017",
}

@misc{microsoft,
	title ="\url{https://technet.microsoft.com/en-us/library/security/ms17-010.aspx}",
	year = "Consultado el 26 de mayo de 2017",
}

@misc{vg,
	title="\url{http://www.lavozdegalicia.es/noticia/tecnologia/2017/05/15/virus-wanna-cry-uso-herramienta-informatica-robada-nsa-estadounidense/00031494848110394179682.htm}",
	year="Consultado el 26 de mayo de 2017",
}

@misc{elhacker,
	title ="\url{http://blog.elhacker.net/2017/05/ataque-masivo-de-ransomware-en-europa-rusia-wana-cryptor-wcry.html}",
	year ="Consultado el 26 de mayo de 2017",
}

@misc{b1,
	title="\url{https://blockchain.info/address/12t9YDPgwueZ9NyMgw519p7AA8isjr6SMw}",
	year ="Consultado el 26 de mayo de 2017",
}

@misc{b2,
	title="\url{https://blockchain.info/address/115p7UMMngoj1pMvkpHijcRdfJNXj6LrLn}",
	year ="Consultado el 26 de mayo de 2017",
}

@misc{b3,
	title="\url{https://blockchain.info/es/address/1BANTZQqhs6HtMXSZyE2uzud5TJQMDEK3m}",
	year ="Consultado el 26 de mayo de 2017",
}

@misc{b4,
	title="\url{https://blockchain.info/address/13AM4VW2dhxYgXeQepoHkHSQuy6NgaEb94}",
	year ="Consultado el 26 de mayo de 2017",
}

